<?xml version="1.0" encoding="UTF-8"?><collection xmlns="http://www.loc.gov/MARC21/slim"><record><leader>00526nam--2200193-i-4500</leader><controlfield tag="001">000009197</controlfield><controlfield tag="002">20161230</controlfield><controlfield tag="005">20161230201028</controlfield><controlfield tag="008">060222s1000------------r-----000-0-rum-d</controlfield><datafield ind1=" " ind2=" " tag="040"><subfield code="a">IFIN-HH</subfield></datafield><datafield ind1=" " ind2=" " tag="041"><subfield code="a">rum</subfield></datafield><datafield ind1=" " ind2=" " tag="080"><subfield code="a">538.122</subfield></datafield><datafield ind1="1" ind2=" " tag="100"><subfield code="a">Cisman, A</subfield></datafield><datafield ind1="1" ind2="0" tag="245"><subfield code="a">Fenomene fizice in metale feromagnetice solicitate</subfield><subfield code="c">A. cisman, b.f. rothenstein, a. policec</subfield></datafield><datafield ind1=" " ind2=" " tag="260"><subfield code="a">Bucuresti</subfield><subfield code="b">Editura Academiei R.S.R</subfield><subfield code="c">1968</subfield></datafield><datafield ind1=" " ind2=" " tag="300"><subfield code="a">150 P</subfield></datafield><datafield ind1="1" ind2=" " tag="700"><subfield code="a">Policec, A</subfield></datafield><datafield ind1=" " ind2=" " tag="852"><subfield code="a">28781</subfield><subfield code="c">538.221</subfield></datafield><datafield ind1=" " ind2=" " tag="CAT"><subfield code="a">Sys</subfield><subfield code="c">20110919</subfield><subfield code="h">093023</subfield></datafield></record></collection>